<?xml version="1.0" encoding="UTF-8"?><collection xmlns="http://www.loc.gov/MARC21/slim"><record><leader>00547nam--2200181-i-4500</leader><controlfield tag="001">000008237</controlfield><controlfield tag="002">20161230</controlfield><controlfield tag="005">20161230201027</controlfield><controlfield tag="008">060222s1000------------r-----000-0-eng-d</controlfield><datafield ind1=" " ind2=" " tag="040"><subfield code="a">IFIN-HH</subfield></datafield><datafield ind1=" " ind2=" " tag="080"><subfield code="a">539.171</subfield></datafield><datafield ind1="1" ind2=" " tag="100"><subfield code="a">Alexander, G</subfield></datafield><datafield ind1="1" ind2="0" tag="245"><subfield code="a">Data compilation of proton-proton interactions between 1 and 32 gev/c</subfield><subfield code="c">G. alexander, o. benary, u. maor</subfield></datafield><datafield ind1=" " ind2=" " tag="260"><subfield code="a">Rehovoth, Israel</subfield><subfield code="b">Weizmann Institute Of Science</subfield><subfield code="c">1967</subfield></datafield><datafield ind1=" " ind2=" " tag="300"><subfield code="a">22 P.+ 6 FIG.+3 TABELE</subfield></datafield><datafield ind1="1" ind2=" " tag="700"><subfield code="a">Maor, U</subfield></datafield><datafield ind1=" " ind2=" " tag="852"><subfield code="a">27534</subfield><subfield code="c">539.17</subfield></datafield><datafield ind1=" " ind2=" " tag="CAT"><subfield code="a">Sys</subfield><subfield code="c">20120601</subfield><subfield code="h">110836</subfield></datafield></record></collection>